@article{Breitner:2014:SZC:2692915.2628141,
 author = {Breitner, Joachim and Eisenberg, Richard A. and Peyton Jones, Simon and Weirich, Stephanie},
 title = {Safe Zero-cost Coercions for Haskell},
 journal = {SIGPLAN Not.},
 issue_date = {September 2014},
 volume = {49},
 number = {9},
 month = aug,
 year = {2014},
 issn = {0362-1340},
 pages = {189--202},
 numpages = {14},
 url = {http://doi.acm.org/10.1145/2692915.2628141},
 doi = {10.1145/2692915.2628141},
 acmid = {2628141},
 publisher = {ACM},
 address = {New York, NY, USA},
 keywords = {coercion, haskell, newtype deriving, type class},
} 